<record><leader>00000cas a22000007a 4500</leader><controlfield tag="001">16619673</controlfield><controlfield tag="008">870831d19uu1920ohudr ne      0    0eng d</controlfield><datafield ind1=" " ind2=" " tag="010"><subfield code="a">sn 87076633 </subfield></datafield><datafield ind1=" " ind2=" " tag="040"><subfield code="a">ONP</subfield><subfield code="b">eng</subfield><subfield code="c">ONP</subfield><subfield code="d">OCLCQ</subfield></datafield><datafield ind1=" " ind2=" " tag="042"><subfield code="a">msc</subfield></datafield><datafield ind1="0" ind2="0" tag="245"><subfield code="a">Defiance daily express.</subfield></datafield><datafield ind1=" " ind2=" " tag="260"><subfield code="a">Defiance, Ohio :</subfield><subfield code="b">W.D. Trumbull</subfield></datafield><datafield ind1=" " ind2=" " tag="310"><subfield code="a">Daily</subfield></datafield><datafield ind1="1" ind2=" " tag="362"><subfield code="a">Ceased with July 3, 1920 issue.</subfield></datafield><datafield ind1=" " ind2=" " tag="588"><subfield code="a">Description based on: Vol. 25, no. 4 (June 1, 1918).</subfield></datafield><datafield ind1=" " ind2=" " tag="752"><subfield code="a">United States</subfield><subfield code="b">Ohio</subfield><subfield code="c">Defiance</subfield><subfield code="d">Defiance.</subfield></datafield><datafield ind1="1" ind2=" " tag="775"><subfield code="t">Defiance weekly express</subfield><subfield code="w">(DLC)sn 89075065</subfield></datafield><datafield ind1="0" ind2="0" tag="780"><subfield code="t">Daily express (Defiance, Ohio)</subfield><subfield code="w">(DLC)sn 91069834</subfield></datafield></record>